%YAML 1.1
%TAG !u! tag:unity3d.com,2011:
--- !u!1 &2224703173106675612
GameObject:
  m_ObjectHideFlags: 0
  m_CorrespondingSourceObject: {fileID: 0}
  m_PrefabInstance: {fileID: 0}
  m_PrefabAsset: {fileID: 0}
  serializedVersion: 6
  m_Component:
  - component: {fileID: 817968998867474638}
  m_Layer: 0
  m_Name: Tile_Curb_Lots_1
  m_TagString: Untagged
  m_Icon: {fileID: 0}
  m_NavMeshLayer: 0
  m_StaticEditorFlags: 0
  m_IsActive: 1
--- !u!4 &817968998867474638
Transform:
  m_ObjectHideFlags: 0
  m_CorrespondingSourceObject: {fileID: 0}
  m_PrefabInstance: {fileID: 0}
  m_PrefabAsset: {fileID: 0}
  m_GameObject: {fileID: 2224703173106675612}
  m_LocalRotation: {x: -0, y: -0, z: -0, w: 1}
  m_LocalPosition: {x: 0, y: -0.05, z: 0}
  m_LocalScale: {x: 20, y: 0.1, z: 20}
  m_Children:
  - {fileID: 4960132972661164868}
  - {fileID: 3130395521633399063}
  - {fileID: 3130395521918473101}
  - {fileID: 3130395521595110623}
  - {fileID: 3130395521514865324}
  - {fileID: 3130395522197775196}
  - {fileID: 3130395521964276180}
  - {fileID: 3130395522781407801}
  - {fileID: 4960132972169102753}
  - {fileID: 3130395521961303905}
  - {fileID: 2776857764826038477}
  - {fileID: 120597436940966773}
  - {fileID: 7926747573918083946}
  - {fileID: 3543447010735189025}
  m_Father: {fileID: 0}
  m_RootOrder: 0
  m_LocalEulerAnglesHint: {x: 0, y: 0, z: 0}
--- !u!1 &5986368819722913342
GameObject:
  m_ObjectHideFlags: 0
  m_CorrespondingSourceObject: {fileID: 0}
  m_PrefabInstance: {fileID: 0}
  m_PrefabAsset: {fileID: 0}
  serializedVersion: 6
  m_Component:
  - component: {fileID: 3543447010735189025}
  - component: {fileID: 1063325476123408883}
  - component: {fileID: 6006708710312204433}
  - component: {fileID: 4621465860550651296}
  m_Layer: 2
  m_Name: Ground
  m_TagString: Untagged
  m_Icon: {fileID: 0}
  m_NavMeshLayer: 0
  m_StaticEditorFlags: 0
  m_IsActive: 1
--- !u!4 &3543447010735189025
Transform:
  m_ObjectHideFlags: 0
  m_CorrespondingSourceObject: {fileID: 0}
  m_PrefabInstance: {fileID: 0}
  m_PrefabAsset: {fileID: 0}
  m_GameObject: {fileID: 5986368819722913342}
  m_LocalRotation: {x: -0, y: -0, z: -0, w: 1}
  m_LocalPosition: {x: 0, y: 0, z: 0}
  m_LocalScale: {x: 1, y: 1, z: 1}
  m_Children: []
  m_Father: {fileID: 817968998867474638}
  m_RootOrder: 13
  m_LocalEulerAnglesHint: {x: 0, y: 0, z: 0}
--- !u!33 &1063325476123408883
MeshFilter:
  m_ObjectHideFlags: 0
  m_CorrespondingSourceObject: {fileID: 0}
  m_PrefabInstance: {fileID: 0}
  m_PrefabAsset: {fileID: 0}
  m_GameObject: {fileID: 5986368819722913342}
  m_Mesh: {fileID: 10202, guid: 0000000000000000e000000000000000, type: 0}
--- !u!23 &6006708710312204433
MeshRenderer:
  m_ObjectHideFlags: 0
  m_CorrespondingSourceObject: {fileID: 0}
  m_PrefabInstance: {fileID: 0}
  m_PrefabAsset: {fileID: 0}
  m_GameObject: {fileID: 5986368819722913342}
  m_Enabled: 1
  m_CastShadows: 1
  m_ReceiveShadows: 1
  m_DynamicOccludee: 1
  m_MotionVectors: 1
  m_LightProbeUsage: 1
  m_ReflectionProbeUsage: 1
  m_RayTracingMode: 2
  m_RayTraceProcedural: 0
  m_RenderingLayerMask: 1
  m_RendererPriority: 0
  m_Materials:
  - {fileID: 2100000, guid: 25f672f3185533541acd5cfefbc98cb1, type: 2}
  m_StaticBatchInfo:
    firstSubMesh: 0
    subMeshCount: 0
  m_StaticBatchRoot: {fileID: 0}
  m_ProbeAnchor: {fileID: 0}
  m_LightProbeVolumeOverride: {fileID: 0}
  m_ScaleInLightmap: 1
  m_ReceiveGI: 1
  m_PreserveUVs: 0
  m_IgnoreNormalsForChartDetection: 0
  m_ImportantGI: 0
  m_StitchLightmapSeams: 1
  m_SelectedEditorRenderState: 3
  m_MinimumChartSize: 4
  m_AutoUVMaxDistance: 0.5
  m_AutoUVMaxAngle: 89
  m_LightmapParameters: {fileID: 0}
  m_SortingLayerID: 0
  m_SortingLayer: 0
  m_SortingOrder: 0
  m_AdditionalVertexStreams: {fileID: 0}
--- !u!65 &4621465860550651296
BoxCollider:
  m_ObjectHideFlags: 0
  m_CorrespondingSourceObject: {fileID: 0}
  m_PrefabInstance: {fileID: 0}
  m_PrefabAsset: {fileID: 0}
  m_GameObject: {fileID: 5986368819722913342}
  m_Material: {fileID: 0}
  m_IsTrigger: 0
  m_Enabled: 1
  serializedVersion: 2
  m_Size: {x: 1, y: 1, z: 1}
  m_Center: {x: 0, y: 0, z: 0}
--- !u!1001 &734704647084218207
PrefabInstance:
  m_ObjectHideFlags: 0
  serializedVersion: 2
  m_Modification:
    m_TransformParent: {fileID: 3130395521964276180}
    m_Modifications:
    - target: {fileID: 5336641472939351813, guid: 07e33a511fdf00d47889b385af5653d4, type: 3}
      propertyPath: m_Name
      value: CarParked 1
      objectReference: {fileID: 0}
    - target: {fileID: 7072127051580478721, guid: 07e33a511fdf00d47889b385af5653d4, type: 3}
      propertyPath: m_RootOrder
      value: 1
      objectReference: {fileID: 0}
    - target: {fileID: 7072127051580478721, guid: 07e33a511fdf00d47889b385af5653d4, type: 3}
      propertyPath: m_LocalPosition.x
      value: 0
      objectReference: {fileID: 0}
    - target: {fileID: 7072127051580478721, guid: 07e33a511fdf00d47889b385af5653d4, type: 3}
      propertyPath: m_LocalPosition.y
      value: 0
      objectReference: {fileID: 0}
    - target: {fileID: 7072127051580478721, guid: 07e33a511fdf00d47889b385af5653d4, type: 3}
      propertyPath: m_LocalPosition.z
      value: 0
      objectReference: {fileID: 0}
    - target: {fileID: 7072127051580478721, guid: 07e33a511fdf00d47889b385af5653d4, type: 3}
      propertyPath: m_LocalRotation.w
      value: 1
      objectReference: {fileID: 0}
    - target: {fileID: 7072127051580478721, guid: 07e33a511fdf00d47889b385af5653d4, type: 3}
      propertyPath: m_LocalRotation.x
      value: 0
      objectReference: {fileID: 0}
    - target: {fileID: 7072127051580478721, guid: 07e33a511fdf00d47889b385af5653d4, type: 3}
      propertyPath: m_LocalRotation.y
      value: 0
      objectReference: {fileID: 0}
    - target: {fileID: 7072127051580478721, guid: 07e33a511fdf00d47889b385af5653d4, type: 3}
      propertyPath: m_LocalRotation.z
      value: 0
      objectReference: {fileID: 0}
    - target: {fileID: 7072127051580478721, guid: 07e33a511fdf00d47889b385af5653d4, type: 3}
      propertyPath: m_LocalEulerAnglesHint.x
      value: 0
      objectReference: {fileID: 0}
    - target: {fileID: 7072127051580478721, guid: 07e33a511fdf00d47889b385af5653d4, type: 3}
      propertyPath: m_LocalEulerAnglesHint.y
      value: 0
      objectReference: {fileID: 0}
    - target: {fileID: 7072127051580478721, guid: 07e33a511fdf00d47889b385af5653d4, type: 3}
      propertyPath: m_LocalEulerAnglesHint.z
      value: 0
      objectReference: {fileID: 0}
    m_RemovedComponents: []
  m_SourcePrefab: {fileID: 100100000, guid: 07e33a511fdf00d47889b385af5653d4, type: 3}
--- !u!1001 &758267096111987492
PrefabInstance:
  m_ObjectHideFlags: 0
  serializedVersion: 2
  m_Modification:
    m_TransformParent: {fileID: 817968998867474638}
    m_Modifications:
    - target: {fileID: 1562520225058555674, guid: 71a044d56fd8d6241a283ea73c166393, type: 3}
      propertyPath: m_Layer
      value: 0
      objectReference: {fileID: 0}
    - target: {fileID: 2047120978868080865, guid: 71a044d56fd8d6241a283ea73c166393, type: 3}
      propertyPath: m_Name
      value: ParkingLot (5)
      objectReference: {fileID: 0}
    - target: {fileID: 2047120978868080865, guid: 71a044d56fd8d6241a283ea73c166393, type: 3}
      propertyPath: m_Layer
      value: 0
      objectReference: {fileID: 0}
    - target: {fileID: 2446723212345432184, guid: 71a044d56fd8d6241a283ea73c166393, type: 3}
      propertyPath: m_RootOrder
      value: 5
      objectReference: {fileID: 0}
    - target: {fileID: 2446723212345432184, guid: 71a044d56fd8d6241a283ea73c166393, type: 3}
      propertyPath: m_LocalScale.x
      value: 0.05
      objectReference: {fileID: 0}
    - target: {fileID: 2446723212345432184, guid: 71a044d56fd8d6241a283ea73c166393, type: 3}
      propertyPath: m_LocalScale.y
      value: 10
      objectReference: {fileID: 0}
    - target: {fileID: 2446723212345432184, guid: 71a044d56fd8d6241a283ea73c166393, type: 3}
      propertyPath: m_LocalScale.z
      value: 0.05
      objectReference: {fileID: 0}
    - target: {fileID: 2446723212345432184, guid: 71a044d56fd8d6241a283ea73c166393, type: 3}
      propertyPath: m_LocalPosition.x
      value: -0.06299998
      objectReference: {fileID: 0}
    - target: {fileID: 2446723212345432184, guid: 71a044d56fd8d6241a283ea73c166393, type: 3}
      propertyPath: m_LocalPosition.y
      value: 0.5
      objectReference: {fileID: 0}
    - target: {fileID: 2446723212345432184, guid: 71a044d56fd8d6241a283ea73c166393, type: 3}
      propertyPath: m_LocalPosition.z
      value: 0.050000034
      objectReference: {fileID: 0}
    - target: {fileID: 2446723212345432184, guid: 71a044d56fd8d6241a283ea73c166393, type: 3}
      propertyPath: m_LocalRotation.w
      value: 0.7071079
      objectReference: {fileID: 0}
    - target: {fileID: 2446723212345432184, guid: 71a044d56fd8d6241a283ea73c166393, type: 3}
      propertyPath: m_LocalRotation.x
      value: -0
      objectReference: {fileID: 0}
    - target: {fileID: 2446723212345432184, guid: 71a044d56fd8d6241a283ea73c166393, type: 3}
      propertyPath: m_LocalRotation.y
      value: 0.70710576
      objectReference: {fileID: 0}
    - target: {fileID: 2446723212345432184, guid: 71a044d56fd8d6241a283ea73c166393, type: 3}
      propertyPath: m_LocalRotation.z
      value: -0
      objectReference: {fileID: 0}
    - target: {fileID: 2446723212345432184, guid: 71a044d56fd8d6241a283ea73c166393, type: 3}
      propertyPath: m_LocalEulerAnglesHint.x
      value: 0
      objectReference: {fileID: 0}
    - target: {fileID: 2446723212345432184, guid: 71a044d56fd8d6241a283ea73c166393, type: 3}
      propertyPath: m_LocalEulerAnglesHint.y
      value: 90
      objectReference: {fileID: 0}
    - target: {fileID: 2446723212345432184, guid: 71a044d56fd8d6241a283ea73c166393, type: 3}
      propertyPath: m_LocalEulerAnglesHint.z
      value: 0
      objectReference: {fileID: 0}
    - target: {fileID: 5893752820222138884, guid: 71a044d56fd8d6241a283ea73c166393, type: 3}
      propertyPath: m_Layer
      value: 0
      objectReference: {fileID: 0}
    - target: {fileID: 7080456223576192060, guid: 71a044d56fd8d6241a283ea73c166393, type: 3}
      propertyPath: m_Layer
      value: 0
      objectReference: {fileID: 0}
    - target: {fileID: 8515175224747300776, guid: 71a044d56fd8d6241a283ea73c166393, type: 3}
      propertyPath: m_Layer
      value: 0
      objectReference: {fileID: 0}
    m_RemovedComponents: []
  m_SourcePrefab: {fileID: 100100000, guid: 71a044d56fd8d6241a283ea73c166393, type: 3}
--- !u!4 &3130395522197775196 stripped
Transform:
  m_CorrespondingSourceObject: {fileID: 2446723212345432184, guid: 71a044d56fd8d6241a283ea73c166393, type: 3}
  m_PrefabInstance: {fileID: 758267096111987492}
  m_PrefabAsset: {fileID: 0}
--- !u!1001 &758267096264004822
PrefabInstance:
  m_ObjectHideFlags: 0
  serializedVersion: 2
  m_Modification:
    m_TransformParent: {fileID: 817968998867474638}
    m_Modifications:
    - target: {fileID: 5643020506018435447, guid: 16cd383c22d1424468488b94ca3d69b3, type: 3}
      propertyPath: m_RootOrder
      value: 8
      objectReference: {fileID: 0}
    - target: {fileID: 5643020506018435447, guid: 16cd383c22d1424468488b94ca3d69b3, type: 3}
      propertyPath: m_LocalScale.x
      value: 0.05
      objectReference: {fileID: 0}
    - target: {fileID: 5643020506018435447, guid: 16cd383c22d1424468488b94ca3d69b3, type: 3}
      propertyPath: m_LocalScale.y
      value: 10
      objectReference: {fileID: 0}
    - target: {fileID: 5643020506018435447, guid: 16cd383c22d1424468488b94ca3d69b3, type: 3}
      propertyPath: m_LocalScale.z
      value: 0.05
      objectReference: {fileID: 0}
    - target: {fileID: 5643020506018435447, guid: 16cd383c22d1424468488b94ca3d69b3, type: 3}
      propertyPath: m_LocalPosition.x
      value: -0.06299998
      objectReference: {fileID: 0}
    - target: {fileID: 5643020506018435447, guid: 16cd383c22d1424468488b94ca3d69b3, type: 3}
      propertyPath: m_LocalPosition.y
      value: 0.5
      objectReference: {fileID: 0}
    - target: {fileID: 5643020506018435447, guid: 16cd383c22d1424468488b94ca3d69b3, type: 3}
      propertyPath: m_LocalPosition.z
      value: 0.3415001
      objectReference: {fileID: 0}
    - target: {fileID: 5643020506018435447, guid: 16cd383c22d1424468488b94ca3d69b3, type: 3}
      propertyPath: m_LocalRotation.w
      value: 0.7071079
      objectReference: {fileID: 0}
    - target: {fileID: 5643020506018435447, guid: 16cd383c22d1424468488b94ca3d69b3, type: 3}
      propertyPath: m_LocalRotation.x
      value: -0
      objectReference: {fileID: 0}
    - target: {fileID: 5643020506018435447, guid: 16cd383c22d1424468488b94ca3d69b3, type: 3}
      propertyPath: m_LocalRotation.y
      value: 0.70710576
      objectReference: {fileID: 0}
    - target: {fileID: 5643020506018435447, guid: 16cd383c22d1424468488b94ca3d69b3, type: 3}
      propertyPath: m_LocalRotation.z
      value: -0
      objectReference: {fileID: 0}
    - target: {fileID: 5643020506018435447, guid: 16cd383c22d1424468488b94ca3d69b3, type: 3}
      propertyPath: m_LocalEulerAnglesHint.x
      value: 0
      objectReference: {fileID: 0}
    - target: {fileID: 5643020506018435447, guid: 16cd383c22d1424468488b94ca3d69b3, type: 3}
      propertyPath: m_LocalEulerAnglesHint.y
      value: 90
      objectReference: {fileID: 0}
    - target: {fileID: 5643020506018435447, guid: 16cd383c22d1424468488b94ca3d69b3, type: 3}
      propertyPath: m_LocalEulerAnglesHint.z
      value: 0
      objectReference: {fileID: 0}
    - target: {fileID: 8344146618464508398, guid: 16cd383c22d1424468488b94ca3d69b3, type: 3}
      propertyPath: m_Name
      value: GoalLot (1)
      objectReference: {fileID: 0}
    m_RemovedComponents: []
  m_SourcePrefab: {fileID: 100100000, guid: 16cd383c22d1424468488b94ca3d69b3, type: 3}
--- !u!4 &4960132972169102753 stripped
Transform:
  m_CorrespondingSourceObject: {fileID: 5643020506018435447, guid: 16cd383c22d1424468488b94ca3d69b3, type: 3}
  m_PrefabInstance: {fileID: 758267096264004822}
  m_PrefabAsset: {fileID: 0}
--- !u!1001 &758267096347582892
PrefabInstance:
  m_ObjectHideFlags: 0
  serializedVersion: 2
  m_Modification:
    m_TransformParent: {fileID: 817968998867474638}
    m_Modifications:
    - target: {fileID: 1562520225058555674, guid: 71a044d56fd8d6241a283ea73c166393, type: 3}
      propertyPath: m_Layer
      value: 0
      objectReference: {fileID: 0}
    - target: {fileID: 2047120978868080865, guid: 71a044d56fd8d6241a283ea73c166393, type: 3}
      propertyPath: m_Name
      value: ParkingLot (4)
      objectReference: {fileID: 0}
    - target: {fileID: 2047120978868080865, guid: 71a044d56fd8d6241a283ea73c166393, type: 3}
      propertyPath: m_Layer
      value: 0
      objectReference: {fileID: 0}
    - target: {fileID: 2446723212345432184, guid: 71a044d56fd8d6241a283ea73c166393, type: 3}
      propertyPath: m_RootOrder
      value: 6
      objectReference: {fileID: 0}
    - target: {fileID: 2446723212345432184, guid: 71a044d56fd8d6241a283ea73c166393, type: 3}
      propertyPath: m_LocalScale.x
      value: 0.05
      objectReference: {fileID: 0}
    - target: {fileID: 2446723212345432184, guid: 71a044d56fd8d6241a283ea73c166393, type: 3}
      propertyPath: m_LocalScale.y
      value: 10
      objectReference: {fileID: 0}
    - target: {fileID: 2446723212345432184, guid: 71a044d56fd8d6241a283ea73c166393, type: 3}
      propertyPath: m_LocalScale.z
      value: 0.05
      objectReference: {fileID: 0}
    - target: {fileID: 2446723212345432184, guid: 71a044d56fd8d6241a283ea73c166393, type: 3}
      propertyPath: m_LocalPosition.x
      value: -0.06299998
      objectReference: {fileID: 0}
    - target: {fileID: 2446723212345432184, guid: 71a044d56fd8d6241a283ea73c166393, type: 3}
      propertyPath: m_LocalPosition.y
      value: 0.5
      objectReference: {fileID: 0}
    - target: {fileID: 2446723212345432184, guid: 71a044d56fd8d6241a283ea73c166393, type: 3}
      propertyPath: m_LocalPosition.z
      value: 0.14799997
      objectReference: {fileID: 0}
    - target: {fileID: 2446723212345432184, guid: 71a044d56fd8d6241a283ea73c166393, type: 3}
      propertyPath: m_LocalRotation.w
      value: 0.7071079
      objectReference: {fileID: 0}
    - target: {fileID: 2446723212345432184, guid: 71a044d56fd8d6241a283ea73c166393, type: 3}
      propertyPath: m_LocalRotation.x
      value: -0
      objectReference: {fileID: 0}
    - target: {fileID: 2446723212345432184, guid: 71a044d56fd8d6241a283ea73c166393, type: 3}
      propertyPath: m_LocalRotation.y
      value: 0.70710576
      objectReference: {fileID: 0}
    - target: {fileID: 2446723212345432184, guid: 71a044d56fd8d6241a283ea73c166393, type: 3}
      propertyPath: m_LocalRotation.z
      value: -0
      objectReference: {fileID: 0}
    - target: {fileID: 2446723212345432184, guid: 71a044d56fd8d6241a283ea73c166393, type: 3}
      propertyPath: m_LocalEulerAnglesHint.x
      value: 0
      objectReference: {fileID: 0}
    - target: {fileID: 2446723212345432184, guid: 71a044d56fd8d6241a283ea73c166393, type: 3}
      propertyPath: m_LocalEulerAnglesHint.y
      value: 90
      objectReference: {fileID: 0}
    - target: {fileID: 2446723212345432184, guid: 71a044d56fd8d6241a283ea73c166393, type: 3}
      propertyPath: m_LocalEulerAnglesHint.z
      value: 0
      objectReference: {fileID: 0}
    - target: {fileID: 5893752820222138884, guid: 71a044d56fd8d6241a283ea73c166393, type: 3}
      propertyPath: m_Layer
      value: 0
      objectReference: {fileID: 0}
    - target: {fileID: 7080456223576192060, guid: 71a044d56fd8d6241a283ea73c166393, type: 3}
      propertyPath: m_Layer
      value: 0
      objectReference: {fileID: 0}
    - target: {fileID: 8515175224747300776, guid: 71a044d56fd8d6241a283ea73c166393, type: 3}
      propertyPath: m_Layer
      value: 0
      objectReference: {fileID: 0}
    m_RemovedComponents: []
  m_SourcePrefab: {fileID: 100100000, guid: 71a044d56fd8d6241a283ea73c166393, type: 3}
--- !u!4 &3130395521964276180 stripped
Transform:
  m_CorrespondingSourceObject: {fileID: 2446723212345432184, guid: 71a044d56fd8d6241a283ea73c166393, type: 3}
  m_PrefabInstance: {fileID: 758267096347582892}
  m_PrefabAsset: {fileID: 0}
--- !u!1001 &758267096361027353
PrefabInstance:
  m_ObjectHideFlags: 0
  serializedVersion: 2
  m_Modification:
    m_TransformParent: {fileID: 817968998867474638}
    m_Modifications:
    - target: {fileID: 1562520225058555674, guid: 71a044d56fd8d6241a283ea73c166393, type: 3}
      propertyPath: m_Layer
      value: 0
      objectReference: {fileID: 0}
    - target: {fileID: 2047120978868080865, guid: 71a044d56fd8d6241a283ea73c166393, type: 3}
      propertyPath: m_Name
      value: ParkingLot (7)
      objectReference: {fileID: 0}
    - target: {fileID: 2047120978868080865, guid: 71a044d56fd8d6241a283ea73c166393, type: 3}
      propertyPath: m_Layer
      value: 0
      objectReference: {fileID: 0}
    - target: {fileID: 2446723212345432184, guid: 71a044d56fd8d6241a283ea73c166393, type: 3}
      propertyPath: m_RootOrder
      value: 9
      objectReference: {fileID: 0}
    - target: {fileID: 2446723212345432184, guid: 71a044d56fd8d6241a283ea73c166393, type: 3}
      propertyPath: m_LocalScale.x
      value: 0.05
      objectReference: {fileID: 0}
    - target: {fileID: 2446723212345432184, guid: 71a044d56fd8d6241a283ea73c166393, type: 3}
      propertyPath: m_LocalScale.y
      value: 10
      objectReference: {fileID: 0}
    - target: {fileID: 2446723212345432184, guid: 71a044d56fd8d6241a283ea73c166393, type: 3}
      propertyPath: m_LocalScale.z
      value: 0.05
      objectReference: {fileID: 0}
    - target: {fileID: 2446723212345432184, guid: 71a044d56fd8d6241a283ea73c166393, type: 3}
      propertyPath: m_LocalPosition.x
      value: -0.06299998
      objectReference: {fileID: 0}
    - target: {fileID: 2446723212345432184, guid: 71a044d56fd8d6241a283ea73c166393, type: 3}
      propertyPath: m_LocalPosition.y
      value: 0.5
      objectReference: {fileID: 0}
    - target: {fileID: 2446723212345432184, guid: 71a044d56fd8d6241a283ea73c166393, type: 3}
      propertyPath: m_LocalPosition.z
      value: 0.43825006
      objectReference: {fileID: 0}
    - target: {fileID: 2446723212345432184, guid: 71a044d56fd8d6241a283ea73c166393, type: 3}
      propertyPath: m_LocalRotation.w
      value: 0.7071079
      objectReference: {fileID: 0}
    - target: {fileID: 2446723212345432184, guid: 71a044d56fd8d6241a283ea73c166393, type: 3}
      propertyPath: m_LocalRotation.x
      value: -0
      objectReference: {fileID: 0}
    - target: {fileID: 2446723212345432184, guid: 71a044d56fd8d6241a283ea73c166393, type: 3}
      propertyPath: m_LocalRotation.y
      value: 0.70710576
      objectReference: {fileID: 0}
    - target: {fileID: 2446723212345432184, guid: 71a044d56fd8d6241a283ea73c166393, type: 3}
      propertyPath: m_LocalRotation.z
      value: -0
      objectReference: {fileID: 0}
    - target: {fileID: 2446723212345432184, guid: 71a044d56fd8d6241a283ea73c166393, type: 3}
      propertyPath: m_LocalEulerAnglesHint.x
      value: 0
      objectReference: {fileID: 0}
    - target: {fileID: 2446723212345432184, guid: 71a044d56fd8d6241a283ea73c166393, type: 3}
      propertyPath: m_LocalEulerAnglesHint.y
      value: 90
      objectReference: {fileID: 0}
    - target: {fileID: 2446723212345432184, guid: 71a044d56fd8d6241a283ea73c166393, type: 3}
      propertyPath: m_LocalEulerAnglesHint.z
      value: 0
      objectReference: {fileID: 0}
    - target: {fileID: 5893752820222138884, guid: 71a044d56fd8d6241a283ea73c166393, type: 3}
      propertyPath: m_Layer
      value: 0
      objectReference: {fileID: 0}
    - target: {fileID: 7080456223576192060, guid: 71a044d56fd8d6241a283ea73c166393, type: 3}
      propertyPath: m_Layer
      value: 0
      objectReference: {fileID: 0}
    - target: {fileID: 8515175224747300776, guid: 71a044d56fd8d6241a283ea73c166393, type: 3}
      propertyPath: m_Layer
      value: 0
      objectReference: {fileID: 0}
    m_RemovedComponents: []
  m_SourcePrefab: {fileID: 100100000, guid: 71a044d56fd8d6241a283ea73c166393, type: 3}
--- !u!4 &3130395521961303905 stripped
Transform:
  m_CorrespondingSourceObject: {fileID: 2446723212345432184, guid: 71a044d56fd8d6241a283ea73c166393, type: 3}
  m_PrefabInstance: {fileID: 758267096361027353}
  m_PrefabAsset: {fileID: 0}
--- !u!1001 &758267096401562613
PrefabInstance:
  m_ObjectHideFlags: 0
  serializedVersion: 2
  m_Modification:
    m_TransformParent: {fileID: 817968998867474638}
    m_Modifications:
    - target: {fileID: 1562520225058555674, guid: 71a044d56fd8d6241a283ea73c166393, type: 3}
      propertyPath: m_Layer
      value: 0
      objectReference: {fileID: 0}
    - target: {fileID: 2047120978868080865, guid: 71a044d56fd8d6241a283ea73c166393, type: 3}
      propertyPath: m_Name
      value: ParkingLot (1)
      objectReference: {fileID: 0}
    - target: {fileID: 2047120978868080865, guid: 71a044d56fd8d6241a283ea73c166393, type: 3}
      propertyPath: m_Layer
      value: 0
      objectReference: {fileID: 0}
    - target: {fileID: 2446723212345432184, guid: 71a044d56fd8d6241a283ea73c166393, type: 3}
      propertyPath: m_RootOrder
      value: 2
      objectReference: {fileID: 0}
    - target: {fileID: 2446723212345432184, guid: 71a044d56fd8d6241a283ea73c166393, type: 3}
      propertyPath: m_LocalScale.x
      value: 0.05
      objectReference: {fileID: 0}
    - target: {fileID: 2446723212345432184, guid: 71a044d56fd8d6241a283ea73c166393, type: 3}
      propertyPath: m_LocalScale.y
      value: 10
      objectReference: {fileID: 0}
    - target: {fileID: 2446723212345432184, guid: 71a044d56fd8d6241a283ea73c166393, type: 3}
      propertyPath: m_LocalScale.z
      value: 0.05
      objectReference: {fileID: 0}
    - target: {fileID: 2446723212345432184, guid: 71a044d56fd8d6241a283ea73c166393, type: 3}
      propertyPath: m_LocalPosition.x
      value: -0.06299998
      objectReference: {fileID: 0}
    - target: {fileID: 2446723212345432184, guid: 71a044d56fd8d6241a283ea73c166393, type: 3}
      propertyPath: m_LocalPosition.y
      value: 0.5
      objectReference: {fileID: 0}
    - target: {fileID: 2446723212345432184, guid: 71a044d56fd8d6241a283ea73c166393, type: 3}
      propertyPath: m_LocalPosition.z
      value: -0.3355
      objectReference: {fileID: 0}
    - target: {fileID: 2446723212345432184, guid: 71a044d56fd8d6241a283ea73c166393, type: 3}
      propertyPath: m_LocalRotation.w
      value: 0.7071079
      objectReference: {fileID: 0}
    - target: {fileID: 2446723212345432184, guid: 71a044d56fd8d6241a283ea73c166393, type: 3}
      propertyPath: m_LocalRotation.x
      value: -0
      objectReference: {fileID: 0}
    - target: {fileID: 2446723212345432184, guid: 71a044d56fd8d6241a283ea73c166393, type: 3}
      propertyPath: m_LocalRotation.y
      value: 0.70710576
      objectReference: {fileID: 0}
    - target: {fileID: 2446723212345432184, guid: 71a044d56fd8d6241a283ea73c166393, type: 3}
      propertyPath: m_LocalRotation.z
      value: -0
      objectReference: {fileID: 0}
    - target: {fileID: 2446723212345432184, guid: 71a044d56fd8d6241a283ea73c166393, type: 3}
      propertyPath: m_LocalEulerAnglesHint.x
      value: 0
      objectReference: {fileID: 0}
    - target: {fileID: 2446723212345432184, guid: 71a044d56fd8d6241a283ea73c166393, type: 3}
      propertyPath: m_LocalEulerAnglesHint.y
      value: 90
      objectReference: {fileID: 0}
    - target: {fileID: 2446723212345432184, guid: 71a044d56fd8d6241a283ea73c166393, type: 3}
      propertyPath: m_LocalEulerAnglesHint.z
      value: 0
      objectReference: {fileID: 0}
    - target: {fileID: 5893752820222138884, guid: 71a044d56fd8d6241a283ea73c166393, type: 3}
      propertyPath: m_Layer
      value: 0
      objectReference: {fileID: 0}
    - target: {fileID: 7080456223576192060, guid: 71a044d56fd8d6241a283ea73c166393, type: 3}
      propertyPath: m_Layer
      value: 0
      objectReference: {fileID: 0}
    - target: {fileID: 8515175224747300776, guid: 71a044d56fd8d6241a283ea73c166393, type: 3}
      propertyPath: m_Layer
      value: 0
      objectReference: {fileID: 0}
    m_RemovedComponents: []
  m_SourcePrefab: {fileID: 100100000, guid: 71a044d56fd8d6241a283ea73c166393, type: 3}
--- !u!4 &3130395521918473101 stripped
Transform:
  m_CorrespondingSourceObject: {fileID: 2446723212345432184, guid: 71a044d56fd8d6241a283ea73c166393, type: 3}
  m_PrefabInstance: {fileID: 758267096401562613}
  m_PrefabAsset: {fileID: 0}
--- !u!1001 &758267096610550337
PrefabInstance:
  m_ObjectHideFlags: 0
  serializedVersion: 2
  m_Modification:
    m_TransformParent: {fileID: 817968998867474638}
    m_Modifications:
    - target: {fileID: 1562520225058555674, guid: 71a044d56fd8d6241a283ea73c166393, type: 3}
      propertyPath: m_Layer
      value: 0
      objectReference: {fileID: 0}
    - target: {fileID: 2047120978868080865, guid: 71a044d56fd8d6241a283ea73c166393, type: 3}
      propertyPath: m_Name
      value: ParkingLot (6)
      objectReference: {fileID: 0}
    - target: {fileID: 2047120978868080865, guid: 71a044d56fd8d6241a283ea73c166393, type: 3}
      propertyPath: m_Layer
      value: 0
      objectReference: {fileID: 0}
    - target: {fileID: 2446723212345432184, guid: 71a044d56fd8d6241a283ea73c166393, type: 3}
      propertyPath: m_RootOrder
      value: 7
      objectReference: {fileID: 0}
    - target: {fileID: 2446723212345432184, guid: 71a044d56fd8d6241a283ea73c166393, type: 3}
      propertyPath: m_LocalScale.x
      value: 0.05
      objectReference: {fileID: 0}
    - target: {fileID: 2446723212345432184, guid: 71a044d56fd8d6241a283ea73c166393, type: 3}
      propertyPath: m_LocalScale.y
      value: 10
      objectReference: {fileID: 0}
    - target: {fileID: 2446723212345432184, guid: 71a044d56fd8d6241a283ea73c166393, type: 3}
      propertyPath: m_LocalScale.z
      value: 0.05
      objectReference: {fileID: 0}
    - target: {fileID: 2446723212345432184, guid: 71a044d56fd8d6241a283ea73c166393, type: 3}
      propertyPath: m_LocalPosition.x
      value: -0.06299998
      objectReference: {fileID: 0}
    - target: {fileID: 2446723212345432184, guid: 71a044d56fd8d6241a283ea73c166393, type: 3}
      propertyPath: m_LocalPosition.y
      value: 0.5
      objectReference: {fileID: 0}
    - target: {fileID: 2446723212345432184, guid: 71a044d56fd8d6241a283ea73c166393, type: 3}
      propertyPath: m_LocalPosition.z
      value: 0.24500015
      objectReference: {fileID: 0}
    - target: {fileID: 2446723212345432184, guid: 71a044d56fd8d6241a283ea73c166393, type: 3}
      propertyPath: m_LocalRotation.w
      value: 0.7071079
      objectReference: {fileID: 0}
    - target: {fileID: 2446723212345432184, guid: 71a044d56fd8d6241a283ea73c166393, type: 3}
      propertyPath: m_LocalRotation.x
      value: -0
      objectReference: {fileID: 0}
    - target: {fileID: 2446723212345432184, guid: 71a044d56fd8d6241a283ea73c166393, type: 3}
      propertyPath: m_LocalRotation.y
      value: 0.70710576
      objectReference: {fileID: 0}
    - target: {fileID: 2446723212345432184, guid: 71a044d56fd8d6241a283ea73c166393, type: 3}
      propertyPath: m_LocalRotation.z
      value: -0
      objectReference: {fileID: 0}
    - target: {fileID: 2446723212345432184, guid: 71a044d56fd8d6241a283ea73c166393, type: 3}
      propertyPath: m_LocalEulerAnglesHint.x
      value: 0
      objectReference: {fileID: 0}
    - target: {fileID: 2446723212345432184, guid: 71a044d56fd8d6241a283ea73c166393, type: 3}
      propertyPath: m_LocalEulerAnglesHint.y
      value: 90
      objectReference: {fileID: 0}
    - target: {fileID: 2446723212345432184, guid: 71a044d56fd8d6241a283ea73c166393, type: 3}
      propertyPath: m_LocalEulerAnglesHint.z
      value: 0
      objectReference: {fileID: 0}
    - target: {fileID: 5893752820222138884, guid: 71a044d56fd8d6241a283ea73c166393, type: 3}
      propertyPath: m_Layer
      value: 0
      objectReference: {fileID: 0}
    - target: {fileID: 7080456223576192060, guid: 71a044d56fd8d6241a283ea73c166393, type: 3}
      propertyPath: m_Layer
      value: 0
      objectReference: {fileID: 0}
    - target: {fileID: 8515175224747300776, guid: 71a044d56fd8d6241a283ea73c166393, type: 3}
      propertyPath: m_Layer
      value: 0
      objectReference: {fileID: 0}
    m_RemovedComponents: []
  m_SourcePrefab: {fileID: 100100000, guid: 71a044d56fd8d6241a283ea73c166393, type: 3}
--- !u!4 &3130395522781407801 stripped
Transform:
  m_CorrespondingSourceObject: {fileID: 2446723212345432184, guid: 71a044d56fd8d6241a283ea73c166393, type: 3}
  m_PrefabInstance: {fileID: 758267096610550337}
  m_PrefabAsset: {fileID: 0}
--- !u!1001 &758267096761276979
PrefabInstance:
  m_ObjectHideFlags: 0
  serializedVersion: 2
  m_Modification:
    m_TransformParent: {fileID: 817968998867474638}
    m_Modifications:
    - target: {fileID: 5643020506018435447, guid: 16cd383c22d1424468488b94ca3d69b3, type: 3}
      propertyPath: m_RootOrder
      value: 0
      objectReference: {fileID: 0}
    - target: {fileID: 5643020506018435447, guid: 16cd383c22d1424468488b94ca3d69b3, type: 3}
      propertyPath: m_LocalScale.x
      value: 0.05
      objectReference: {fileID: 0}
    - target: {fileID: 5643020506018435447, guid: 16cd383c22d1424468488b94ca3d69b3, type: 3}
      propertyPath: m_LocalScale.y
      value: 10
      objectReference: {fileID: 0}
    - target: {fileID: 5643020506018435447, guid: 16cd383c22d1424468488b94ca3d69b3, type: 3}
      propertyPath: m_LocalScale.z
      value: 0.05
      objectReference: {fileID: 0}
    - target: {fileID: 5643020506018435447, guid: 16cd383c22d1424468488b94ca3d69b3, type: 3}
      propertyPath: m_LocalPosition.x
      value: -0.063
      objectReference: {fileID: 0}
    - target: {fileID: 5643020506018435447, guid: 16cd383c22d1424468488b94ca3d69b3, type: 3}
      propertyPath: m_LocalPosition.y
      value: 0.5
      objectReference: {fileID: 0}
    - target: {fileID: 5643020506018435447, guid: 16cd383c22d1424468488b94ca3d69b3, type: 3}
      propertyPath: m_LocalPosition.z
      value: -0.142
      objectReference: {fileID: 0}
    - target: {fileID: 5643020506018435447, guid: 16cd383c22d1424468488b94ca3d69b3, type: 3}
      propertyPath: m_LocalRotation.w
      value: 0.7071079
      objectReference: {fileID: 0}
    - target: {fileID: 5643020506018435447, guid: 16cd383c22d1424468488b94ca3d69b3, type: 3}
      propertyPath: m_LocalRotation.x
      value: -0
      objectReference: {fileID: 0}
    - target: {fileID: 5643020506018435447, guid: 16cd383c22d1424468488b94ca3d69b3, type: 3}
      propertyPath: m_LocalRotation.y
      value: 0.70710576
      objectReference: {fileID: 0}
    - target: {fileID: 5643020506018435447, guid: 16cd383c22d1424468488b94ca3d69b3, type: 3}
      propertyPath: m_LocalRotation.z
      value: -0
      objectReference: {fileID: 0}
    - target: {fileID: 5643020506018435447, guid: 16cd383c22d1424468488b94ca3d69b3, type: 3}
      propertyPath: m_LocalEulerAnglesHint.x
      value: 0
      objectReference: {fileID: 0}
    - target: {fileID: 5643020506018435447, guid: 16cd383c22d1424468488b94ca3d69b3, type: 3}
      propertyPath: m_LocalEulerAnglesHint.y
      value: 90
      objectReference: {fileID: 0}
    - target: {fileID: 5643020506018435447, guid: 16cd383c22d1424468488b94ca3d69b3, type: 3}
      propertyPath: m_LocalEulerAnglesHint.z
      value: 0
      objectReference: {fileID: 0}
    - target: {fileID: 8344146618464508398, guid: 16cd383c22d1424468488b94ca3d69b3, type: 3}
      propertyPath: m_Name
      value: GoalLot
      objectReference: {fileID: 0}
    m_RemovedComponents: []
  m_SourcePrefab: {fileID: 100100000, guid: 16cd383c22d1424468488b94ca3d69b3, type: 3}
--- !u!4 &4960132972661164868 stripped
Transform:
  m_CorrespondingSourceObject: {fileID: 5643020506018435447, guid: 16cd383c22d1424468488b94ca3d69b3, type: 3}
  m_PrefabInstance: {fileID: 758267096761276979}
  m_PrefabAsset: {fileID: 0}
--- !u!1001 &758267097760655727
PrefabInstance:
  m_ObjectHideFlags: 0
  serializedVersion: 2
  m_Modification:
    m_TransformParent: {fileID: 817968998867474638}
    m_Modifications:
    - target: {fileID: 1562520225058555674, guid: 71a044d56fd8d6241a283ea73c166393, type: 3}
      propertyPath: m_Layer
      value: 0
      objectReference: {fileID: 0}
    - target: {fileID: 2047120978868080865, guid: 71a044d56fd8d6241a283ea73c166393, type: 3}
      propertyPath: m_Name
      value: ParkingLot
      objectReference: {fileID: 0}
    - target: {fileID: 2047120978868080865, guid: 71a044d56fd8d6241a283ea73c166393, type: 3}
      propertyPath: m_Layer
      value: 0
      objectReference: {fileID: 0}
    - target: {fileID: 2446723212345432184, guid: 71a044d56fd8d6241a283ea73c166393, type: 3}
      propertyPath: m_RootOrder
      value: 1
      objectReference: {fileID: 0}
    - target: {fileID: 2446723212345432184, guid: 71a044d56fd8d6241a283ea73c166393, type: 3}
      propertyPath: m_LocalScale.x
      value: 0.05
      objectReference: {fileID: 0}
    - target: {fileID: 2446723212345432184, guid: 71a044d56fd8d6241a283ea73c166393, type: 3}
      propertyPath: m_LocalScale.y
      value: 10
      objectReference: {fileID: 0}
    - target: {fileID: 2446723212345432184, guid: 71a044d56fd8d6241a283ea73c166393, type: 3}
      propertyPath: m_LocalScale.z
      value: 0.05
      objectReference: {fileID: 0}
    - target: {fileID: 2446723212345432184, guid: 71a044d56fd8d6241a283ea73c166393, type: 3}
      propertyPath: m_LocalPosition.x
      value: -0.06299998
      objectReference: {fileID: 0}
    - target: {fileID: 2446723212345432184, guid: 71a044d56fd8d6241a283ea73c166393, type: 3}
      propertyPath: m_LocalPosition.y
      value: 0.5
      objectReference: {fileID: 0}
    - target: {fileID: 2446723212345432184, guid: 71a044d56fd8d6241a283ea73c166393, type: 3}
      propertyPath: m_LocalPosition.z
      value: -0.4335
      objectReference: {fileID: 0}
    - target: {fileID: 2446723212345432184, guid: 71a044d56fd8d6241a283ea73c166393, type: 3}
      propertyPath: m_LocalRotation.w
      value: 0.7071079
      objectReference: {fileID: 0}
    - target: {fileID: 2446723212345432184, guid: 71a044d56fd8d6241a283ea73c166393, type: 3}
      propertyPath: m_LocalRotation.x
      value: -0
      objectReference: {fileID: 0}
    - target: {fileID: 2446723212345432184, guid: 71a044d56fd8d6241a283ea73c166393, type: 3}
      propertyPath: m_LocalRotation.y
      value: 0.70710576
      objectReference: {fileID: 0}
    - target: {fileID: 2446723212345432184, guid: 71a044d56fd8d6241a283ea73c166393, type: 3}
      propertyPath: m_LocalRotation.z
      value: -0
      objectReference: {fileID: 0}
    - target: {fileID: 2446723212345432184, guid: 71a044d56fd8d6241a283ea73c166393, type: 3}
      propertyPath: m_LocalEulerAnglesHint.x
      value: 0
      objectReference: {fileID: 0}
    - target: {fileID: 2446723212345432184, guid: 71a044d56fd8d6241a283ea73c166393, type: 3}
      propertyPath: m_LocalEulerAnglesHint.y
      value: 90
      objectReference: {fileID: 0}
    - target: {fileID: 2446723212345432184, guid: 71a044d56fd8d6241a283ea73c166393, type: 3}
      propertyPath: m_LocalEulerAnglesHint.z
      value: 0
      objectReference: {fileID: 0}
    - target: {fileID: 5893752820222138884, guid: 71a044d56fd8d6241a283ea73c166393, type: 3}
      propertyPath: m_Layer
      value: 0
      objectReference: {fileID: 0}
    - target: {fileID: 7080456223576192060, guid: 71a044d56fd8d6241a283ea73c166393, type: 3}
      propertyPath: m_Layer
      value: 0
      objectReference: {fileID: 0}
    - target: {fileID: 8515175224747300776, guid: 71a044d56fd8d6241a283ea73c166393, type: 3}
      propertyPath: m_Layer
      value: 0
      objectReference: {fileID: 0}
    m_RemovedComponents: []
  m_SourcePrefab: {fileID: 100100000, guid: 71a044d56fd8d6241a283ea73c166393, type: 3}
--- !u!4 &3130395521633399063 stripped
Transform:
  m_CorrespondingSourceObject: {fileID: 2446723212345432184, guid: 71a044d56fd8d6241a283ea73c166393, type: 3}
  m_PrefabInstance: {fileID: 758267097760655727}
  m_PrefabAsset: {fileID: 0}
--- !u!1001 &758267097790491815
PrefabInstance:
  m_ObjectHideFlags: 0
  serializedVersion: 2
  m_Modification:
    m_TransformParent: {fileID: 817968998867474638}
    m_Modifications:
    - target: {fileID: 1562520225058555674, guid: 71a044d56fd8d6241a283ea73c166393, type: 3}
      propertyPath: m_Layer
      value: 0
      objectReference: {fileID: 0}
    - target: {fileID: 2047120978868080865, guid: 71a044d56fd8d6241a283ea73c166393, type: 3}
      propertyPath: m_Name
      value: ParkingLot (2)
      objectReference: {fileID: 0}
    - target: {fileID: 2047120978868080865, guid: 71a044d56fd8d6241a283ea73c166393, type: 3}
      propertyPath: m_Layer
      value: 0
      objectReference: {fileID: 0}
    - target: {fileID: 2446723212345432184, guid: 71a044d56fd8d6241a283ea73c166393, type: 3}
      propertyPath: m_RootOrder
      value: 3
      objectReference: {fileID: 0}
    - target: {fileID: 2446723212345432184, guid: 71a044d56fd8d6241a283ea73c166393, type: 3}
      propertyPath: m_LocalScale.x
      value: 0.05
      objectReference: {fileID: 0}
    - target: {fileID: 2446723212345432184, guid: 71a044d56fd8d6241a283ea73c166393, type: 3}
      propertyPath: m_LocalScale.y
      value: 10
      objectReference: {fileID: 0}
    - target: {fileID: 2446723212345432184, guid: 71a044d56fd8d6241a283ea73c166393, type: 3}
      propertyPath: m_LocalScale.z
      value: 0.05
      objectReference: {fileID: 0}
    - target: {fileID: 2446723212345432184, guid: 71a044d56fd8d6241a283ea73c166393, type: 3}
      propertyPath: m_LocalPosition.x
      value: -0.06299998
      objectReference: {fileID: 0}
    - target: {fileID: 2446723212345432184, guid: 71a044d56fd8d6241a283ea73c166393, type: 3}
      propertyPath: m_LocalPosition.y
      value: 0.5
      objectReference: {fileID: 0}
    - target: {fileID: 2446723212345432184, guid: 71a044d56fd8d6241a283ea73c166393, type: 3}
      propertyPath: m_LocalPosition.z
      value: -0.23850006
      objectReference: {fileID: 0}
    - target: {fileID: 2446723212345432184, guid: 71a044d56fd8d6241a283ea73c166393, type: 3}
      propertyPath: m_LocalRotation.w
      value: 0.7071079
      objectReference: {fileID: 0}
    - target: {fileID: 2446723212345432184, guid: 71a044d56fd8d6241a283ea73c166393, type: 3}
      propertyPath: m_LocalRotation.x
      value: -0
      objectReference: {fileID: 0}
    - target: {fileID: 2446723212345432184, guid: 71a044d56fd8d6241a283ea73c166393, type: 3}
      propertyPath: m_LocalRotation.y
      value: 0.70710576
      objectReference: {fileID: 0}
    - target: {fileID: 2446723212345432184, guid: 71a044d56fd8d6241a283ea73c166393, type: 3}
      propertyPath: m_LocalRotation.z
      value: -0
      objectReference: {fileID: 0}
    - target: {fileID: 2446723212345432184, guid: 71a044d56fd8d6241a283ea73c166393, type: 3}
      propertyPath: m_LocalEulerAnglesHint.x
      value: 0
      objectReference: {fileID: 0}
    - target: {fileID: 2446723212345432184, guid: 71a044d56fd8d6241a283ea73c166393, type: 3}
      propertyPath: m_LocalEulerAnglesHint.y
      value: 90
      objectReference: {fileID: 0}
    - target: {fileID: 2446723212345432184, guid: 71a044d56fd8d6241a283ea73c166393, type: 3}
      propertyPath: m_LocalEulerAnglesHint.z
      value: 0
      objectReference: {fileID: 0}
    - target: {fileID: 5893752820222138884, guid: 71a044d56fd8d6241a283ea73c166393, type: 3}
      propertyPath: m_Layer
      value: 0
      objectReference: {fileID: 0}
    - target: {fileID: 7080456223576192060, guid: 71a044d56fd8d6241a283ea73c166393, type: 3}
      propertyPath: m_Layer
      value: 0
      objectReference: {fileID: 0}
    - target: {fileID: 8515175224747300776, guid: 71a044d56fd8d6241a283ea73c166393, type: 3}
      propertyPath: m_Layer
      value: 0
      objectReference: {fileID: 0}
    m_RemovedComponents: []
  m_SourcePrefab: {fileID: 100100000, guid: 71a044d56fd8d6241a283ea73c166393, type: 3}
--- !u!4 &3130395521595110623 stripped
Transform:
  m_CorrespondingSourceObject: {fileID: 2446723212345432184, guid: 71a044d56fd8d6241a283ea73c166393, type: 3}
  m_PrefabInstance: {fileID: 758267097790491815}
  m_PrefabAsset: {fileID: 0}
--- !u!1001 &758267097877011156
PrefabInstance:
  m_ObjectHideFlags: 0
  serializedVersion: 2
  m_Modification:
    m_TransformParent: {fileID: 817968998867474638}
    m_Modifications:
    - target: {fileID: 1562520225058555674, guid: 71a044d56fd8d6241a283ea73c166393, type: 3}
      propertyPath: m_Layer
      value: 0
      objectReference: {fileID: 0}
    - target: {fileID: 2047120978868080865, guid: 71a044d56fd8d6241a283ea73c166393, type: 3}
      propertyPath: m_Name
      value: ParkingLot (3)
      objectReference: {fileID: 0}
    - target: {fileID: 2047120978868080865, guid: 71a044d56fd8d6241a283ea73c166393, type: 3}
      propertyPath: m_Layer
      value: 0
      objectReference: {fileID: 0}
    - target: {fileID: 2446723212345432184, guid: 71a044d56fd8d6241a283ea73c166393, type: 3}
      propertyPath: m_RootOrder
      value: 4
      objectReference: {fileID: 0}
    - target: {fileID: 2446723212345432184, guid: 71a044d56fd8d6241a283ea73c166393, type: 3}
      propertyPath: m_LocalScale.x
      value: 0.05
      objectReference: {fileID: 0}
    - target: {fileID: 2446723212345432184, guid: 71a044d56fd8d6241a283ea73c166393, type: 3}
      propertyPath: m_LocalScale.y
      value: 10
      objectReference: {fileID: 0}
    - target: {fileID: 2446723212345432184, guid: 71a044d56fd8d6241a283ea73c166393, type: 3}
      propertyPath: m_LocalScale.z
      value: 0.05
      objectReference: {fileID: 0}
    - target: {fileID: 2446723212345432184, guid: 71a044d56fd8d6241a283ea73c166393, type: 3}
      propertyPath: m_LocalPosition.x
      value: -0.06299998
      objectReference: {fileID: 0}
    - target: {fileID: 2446723212345432184, guid: 71a044d56fd8d6241a283ea73c166393, type: 3}
      propertyPath: m_LocalPosition.y
      value: 0.5
      objectReference: {fileID: 0}
    - target: {fileID: 2446723212345432184, guid: 71a044d56fd8d6241a283ea73c166393, type: 3}
      propertyPath: m_LocalPosition.z
      value: -0.045250002
      objectReference: {fileID: 0}
    - target: {fileID: 2446723212345432184, guid: 71a044d56fd8d6241a283ea73c166393, type: 3}
      propertyPath: m_LocalRotation.w
      value: 0.7071079
      objectReference: {fileID: 0}
    - target: {fileID: 2446723212345432184, guid: 71a044d56fd8d6241a283ea73c166393, type: 3}
      propertyPath: m_LocalRotation.x
      value: -0
      objectReference: {fileID: 0}
    - target: {fileID: 2446723212345432184, guid: 71a044d56fd8d6241a283ea73c166393, type: 3}
      propertyPath: m_LocalRotation.y
      value: 0.70710576
      objectReference: {fileID: 0}
    - target: {fileID: 2446723212345432184, guid: 71a044d56fd8d6241a283ea73c166393, type: 3}
      propertyPath: m_LocalRotation.z
      value: -0
      objectReference: {fileID: 0}
    - target: {fileID: 2446723212345432184, guid: 71a044d56fd8d6241a283ea73c166393, type: 3}
      propertyPath: m_LocalEulerAnglesHint.x
      value: 0
      objectReference: {fileID: 0}
    - target: {fileID: 2446723212345432184, guid: 71a044d56fd8d6241a283ea73c166393, type: 3}
      propertyPath: m_LocalEulerAnglesHint.y
      value: 90
      objectReference: {fileID: 0}
    - target: {fileID: 2446723212345432184, guid: 71a044d56fd8d6241a283ea73c166393, type: 3}
      propertyPath: m_LocalEulerAnglesHint.z
      value: 0
      objectReference: {fileID: 0}
    - target: {fileID: 5893752820222138884, guid: 71a044d56fd8d6241a283ea73c166393, type: 3}
      propertyPath: m_Layer
      value: 0
      objectReference: {fileID: 0}
    - target: {fileID: 7080456223576192060, guid: 71a044d56fd8d6241a283ea73c166393, type: 3}
      propertyPath: m_Layer
      value: 0
      objectReference: {fileID: 0}
    - target: {fileID: 8515175224747300776, guid: 71a044d56fd8d6241a283ea73c166393, type: 3}
      propertyPath: m_Layer
      value: 0
      objectReference: {fileID: 0}
    m_RemovedComponents: []
  m_SourcePrefab: {fileID: 100100000, guid: 71a044d56fd8d6241a283ea73c166393, type: 3}
--- !u!4 &3130395521514865324 stripped
Transform:
  m_CorrespondingSourceObject: {fileID: 2446723212345432184, guid: 71a044d56fd8d6241a283ea73c166393, type: 3}
  m_PrefabInstance: {fileID: 758267097877011156}
  m_PrefabAsset: {fileID: 0}
--- !u!1001 &1143784469205659743
PrefabInstance:
  m_ObjectHideFlags: 0
  serializedVersion: 2
  m_Modification:
    m_TransformParent: {fileID: 3130395522781407801}
    m_Modifications:
    - target: {fileID: 5336641472939351813, guid: 1edd062adf41ea34e8657bf025a3fdcf, type: 3}
      propertyPath: m_Name
      value: CarParked
      objectReference: {fileID: 0}
    - target: {fileID: 7072127051580478721, guid: 1edd062adf41ea34e8657bf025a3fdcf, type: 3}
      propertyPath: m_RootOrder
      value: 1
      objectReference: {fileID: 0}
    - target: {fileID: 7072127051580478721, guid: 1edd062adf41ea34e8657bf025a3fdcf, type: 3}
      propertyPath: m_LocalPosition.x
      value: 0
      objectReference: {fileID: 0}
    - target: {fileID: 7072127051580478721, guid: 1edd062adf41ea34e8657bf025a3fdcf, type: 3}
      propertyPath: m_LocalPosition.y
      value: 0
      objectReference: {fileID: 0}
    - target: {fileID: 7072127051580478721, guid: 1edd062adf41ea34e8657bf025a3fdcf, type: 3}
      propertyPath: m_LocalPosition.z
      value: 0
      objectReference: {fileID: 0}
    - target: {fileID: 7072127051580478721, guid: 1edd062adf41ea34e8657bf025a3fdcf, type: 3}
      propertyPath: m_LocalRotation.w
      value: 0
      objectReference: {fileID: 0}
    - target: {fileID: 7072127051580478721, guid: 1edd062adf41ea34e8657bf025a3fdcf, type: 3}
      propertyPath: m_LocalRotation.x
      value: 0
      objectReference: {fileID: 0}
    - target: {fileID: 7072127051580478721, guid: 1edd062adf41ea34e8657bf025a3fdcf, type: 3}
      propertyPath: m_LocalRotation.y
      value: 1
      objectReference: {fileID: 0}
    - target: {fileID: 7072127051580478721, guid: 1edd062adf41ea34e8657bf025a3fdcf, type: 3}
      propertyPath: m_LocalRotation.z
      value: 0
      objectReference: {fileID: 0}
    - target: {fileID: 7072127051580478721, guid: 1edd062adf41ea34e8657bf025a3fdcf, type: 3}
      propertyPath: m_LocalEulerAnglesHint.x
      value: 0
      objectReference: {fileID: 0}
    - target: {fileID: 7072127051580478721, guid: 1edd062adf41ea34e8657bf025a3fdcf, type: 3}
      propertyPath: m_LocalEulerAnglesHint.y
      value: 180
      objectReference: {fileID: 0}
    - target: {fileID: 7072127051580478721, guid: 1edd062adf41ea34e8657bf025a3fdcf, type: 3}
      propertyPath: m_LocalEulerAnglesHint.z
      value: 0
      objectReference: {fileID: 0}
    m_RemovedComponents: []
  m_SourcePrefab: {fileID: 100100000, guid: 1edd062adf41ea34e8657bf025a3fdcf, type: 3}
--- !u!1001 &1234155333425452482
PrefabInstance:
  m_ObjectHideFlags: 0
  serializedVersion: 2
  m_Modification:
    m_TransformParent: {fileID: 817968998867474638}
    m_Modifications:
    - target: {fileID: 1192586414425509559, guid: 3f24b3c5f0c89a34cbc0565b8467a2b2, type: 3}
      propertyPath: m_RootOrder
      value: 11
      objectReference: {fileID: 0}
    - target: {fileID: 1192586414425509559, guid: 3f24b3c5f0c89a34cbc0565b8467a2b2, type: 3}
      propertyPath: m_LocalScale.x
      value: 0.05
      objectReference: {fileID: 0}
    - target: {fileID: 1192586414425509559, guid: 3f24b3c5f0c89a34cbc0565b8467a2b2, type: 3}
      propertyPath: m_LocalScale.y
      value: 10
      objectReference: {fileID: 0}
    - target: {fileID: 1192586414425509559, guid: 3f24b3c5f0c89a34cbc0565b8467a2b2, type: 3}
      propertyPath: m_LocalScale.z
      value: 0.05
      objectReference: {fileID: 0}
    - target: {fileID: 1192586414425509559, guid: 3f24b3c5f0c89a34cbc0565b8467a2b2, type: 3}
      propertyPath: m_LocalPosition.x
      value: -0.1616
      objectReference: {fileID: 0}
    - target: {fileID: 1192586414425509559, guid: 3f24b3c5f0c89a34cbc0565b8467a2b2, type: 3}
      propertyPath: m_LocalPosition.y
      value: 0
      objectReference: {fileID: 0}
    - target: {fileID: 1192586414425509559, guid: 3f24b3c5f0c89a34cbc0565b8467a2b2, type: 3}
      propertyPath: m_LocalPosition.z
      value: -0.4
      objectReference: {fileID: 0}
    - target: {fileID: 1192586414425509559, guid: 3f24b3c5f0c89a34cbc0565b8467a2b2, type: 3}
      propertyPath: m_LocalRotation.w
      value: 1
      objectReference: {fileID: 0}
    - target: {fileID: 1192586414425509559, guid: 3f24b3c5f0c89a34cbc0565b8467a2b2, type: 3}
      propertyPath: m_LocalRotation.x
      value: -0
      objectReference: {fileID: 0}
    - target: {fileID: 1192586414425509559, guid: 3f24b3c5f0c89a34cbc0565b8467a2b2, type: 3}
      propertyPath: m_LocalRotation.y
      value: -0
      objectReference: {fileID: 0}
    - target: {fileID: 1192586414425509559, guid: 3f24b3c5f0c89a34cbc0565b8467a2b2, type: 3}
      propertyPath: m_LocalRotation.z
      value: -0
      objectReference: {fileID: 0}
    - target: {fileID: 1192586414425509559, guid: 3f24b3c5f0c89a34cbc0565b8467a2b2, type: 3}
      propertyPath: m_LocalEulerAnglesHint.x
      value: 0
      objectReference: {fileID: 0}
    - target: {fileID: 1192586414425509559, guid: 3f24b3c5f0c89a34cbc0565b8467a2b2, type: 3}
      propertyPath: m_LocalEulerAnglesHint.y
      value: 0
      objectReference: {fileID: 0}
    - target: {fileID: 1192586414425509559, guid: 3f24b3c5f0c89a34cbc0565b8467a2b2, type: 3}
      propertyPath: m_LocalEulerAnglesHint.z
      value: 0
      objectReference: {fileID: 0}
    - target: {fileID: 8696450228996597126, guid: 3f24b3c5f0c89a34cbc0565b8467a2b2, type: 3}
      propertyPath: m_Name
      value: Lamppost
      objectReference: {fileID: 0}
    m_RemovedComponents: []
  m_SourcePrefab: {fileID: 100100000, guid: 3f24b3c5f0c89a34cbc0565b8467a2b2, type: 3}
--- !u!4 &120597436940966773 stripped
Transform:
  m_CorrespondingSourceObject: {fileID: 1192586414425509559, guid: 3f24b3c5f0c89a34cbc0565b8467a2b2, type: 3}
  m_PrefabInstance: {fileID: 1234155333425452482}
  m_PrefabAsset: {fileID: 0}
--- !u!1001 &2102700292768718352
PrefabInstance:
  m_ObjectHideFlags: 0
  serializedVersion: 2
  m_Modification:
    m_TransformParent: {fileID: 3130395522197775196}
    m_Modifications:
    - target: {fileID: 5336641472939351813, guid: 0f578ee9b4f437e41bb22f493a66e10d, type: 3}
      propertyPath: m_Name
      value: CarParked 3
      objectReference: {fileID: 0}
    - target: {fileID: 7072127051580478721, guid: 0f578ee9b4f437e41bb22f493a66e10d, type: 3}
      propertyPath: m_RootOrder
      value: 1
      objectReference: {fileID: 0}
    - target: {fileID: 7072127051580478721, guid: 0f578ee9b4f437e41bb22f493a66e10d, type: 3}
      propertyPath: m_LocalPosition.x
      value: 0
      objectReference: {fileID: 0}
    - target: {fileID: 7072127051580478721, guid: 0f578ee9b4f437e41bb22f493a66e10d, type: 3}
      propertyPath: m_LocalPosition.y
      value: 0
      objectReference: {fileID: 0}
    - target: {fileID: 7072127051580478721, guid: 0f578ee9b4f437e41bb22f493a66e10d, type: 3}
      propertyPath: m_LocalPosition.z
      value: 0
      objectReference: {fileID: 0}
    - target: {fileID: 7072127051580478721, guid: 0f578ee9b4f437e41bb22f493a66e10d, type: 3}
      propertyPath: m_LocalRotation.w
      value: 1
      objectReference: {fileID: 0}
    - target: {fileID: 7072127051580478721, guid: 0f578ee9b4f437e41bb22f493a66e10d, type: 3}
      propertyPath: m_LocalRotation.x
      value: 0
      objectReference: {fileID: 0}
    - target: {fileID: 7072127051580478721, guid: 0f578ee9b4f437e41bb22f493a66e10d, type: 3}
      propertyPath: m_LocalRotation.y
      value: 0
      objectReference: {fileID: 0}
    - target: {fileID: 7072127051580478721, guid: 0f578ee9b4f437e41bb22f493a66e10d, type: 3}
      propertyPath: m_LocalRotation.z
      value: 0
      objectReference: {fileID: 0}
    - target: {fileID: 7072127051580478721, guid: 0f578ee9b4f437e41bb22f493a66e10d, type: 3}
      propertyPath: m_LocalEulerAnglesHint.x
      value: 0
      objectReference: {fileID: 0}
    - target: {fileID: 7072127051580478721, guid: 0f578ee9b4f437e41bb22f493a66e10d, type: 3}
      propertyPath: m_LocalEulerAnglesHint.y
      value: 0
      objectReference: {fileID: 0}
    - target: {fileID: 7072127051580478721, guid: 0f578ee9b4f437e41bb22f493a66e10d, type: 3}
      propertyPath: m_LocalEulerAnglesHint.z
      value: 0
      objectReference: {fileID: 0}
    m_RemovedComponents: []
  m_SourcePrefab: {fileID: 100100000, guid: 0f578ee9b4f437e41bb22f493a66e10d, type: 3}
--- !u!1001 &2523087004179121139
PrefabInstance:
  m_ObjectHideFlags: 0
  serializedVersion: 2
  m_Modification:
    m_TransformParent: {fileID: 3130395521633399063}
    m_Modifications:
    - target: {fileID: 5336641472939351813, guid: 07e33a511fdf00d47889b385af5653d4, type: 3}
      propertyPath: m_Name
      value: CarParked 1
      objectReference: {fileID: 0}
    - target: {fileID: 7072127051580478721, guid: 07e33a511fdf00d47889b385af5653d4, type: 3}
      propertyPath: m_RootOrder
      value: 1
      objectReference: {fileID: 0}
    - target: {fileID: 7072127051580478721, guid: 07e33a511fdf00d47889b385af5653d4, type: 3}
      propertyPath: m_LocalPosition.x
      value: 0
      objectReference: {fileID: 0}
    - target: {fileID: 7072127051580478721, guid: 07e33a511fdf00d47889b385af5653d4, type: 3}
      propertyPath: m_LocalPosition.y
      value: 0
      objectReference: {fileID: 0}
    - target: {fileID: 7072127051580478721, guid: 07e33a511fdf00d47889b385af5653d4, type: 3}
      propertyPath: m_LocalPosition.z
      value: 0
      objectReference: {fileID: 0}
    - target: {fileID: 7072127051580478721, guid: 07e33a511fdf00d47889b385af5653d4, type: 3}
      propertyPath: m_LocalRotation.w
      value: 0
      objectReference: {fileID: 0}
    - target: {fileID: 7072127051580478721, guid: 07e33a511fdf00d47889b385af5653d4, type: 3}
      propertyPath: m_LocalRotation.x
      value: 0
      objectReference: {fileID: 0}
    - target: {fileID: 7072127051580478721, guid: 07e33a511fdf00d47889b385af5653d4, type: 3}
      propertyPath: m_LocalRotation.y
      value: 1
      objectReference: {fileID: 0}
    - target: {fileID: 7072127051580478721, guid: 07e33a511fdf00d47889b385af5653d4, type: 3}
      propertyPath: m_LocalRotation.z
      value: 0
      objectReference: {fileID: 0}
    - target: {fileID: 7072127051580478721, guid: 07e33a511fdf00d47889b385af5653d4, type: 3}
      propertyPath: m_LocalEulerAnglesHint.x
      value: 0
      objectReference: {fileID: 0}
    - target: {fileID: 7072127051580478721, guid: 07e33a511fdf00d47889b385af5653d4, type: 3}
      propertyPath: m_LocalEulerAnglesHint.y
      value: 180
      objectReference: {fileID: 0}
    - target: {fileID: 7072127051580478721, guid: 07e33a511fdf00d47889b385af5653d4, type: 3}
      propertyPath: m_LocalEulerAnglesHint.z
      value: 0
      objectReference: {fileID: 0}
    m_RemovedComponents: []
  m_SourcePrefab: {fileID: 100100000, guid: 07e33a511fdf00d47889b385af5653d4, type: 3}
--- !u!1001 &2834599235724553096
PrefabInstance:
  m_ObjectHideFlags: 0
  serializedVersion: 2
  m_Modification:
    m_TransformParent: {fileID: 817968998867474638}
    m_Modifications:
    - target: {fileID: 135078921384848197, guid: a4bbc5d3826e3814ea5838b3a9852017, type: 3}
      propertyPath: m_RootOrder
      value: 10
      objectReference: {fileID: 0}
    - target: {fileID: 135078921384848197, guid: a4bbc5d3826e3814ea5838b3a9852017, type: 3}
      propertyPath: m_LocalScale.x
      value: 0.32
      objectReference: {fileID: 0}
    - target: {fileID: 135078921384848197, guid: a4bbc5d3826e3814ea5838b3a9852017, type: 3}
      propertyPath: m_LocalScale.y
      value: 5
      objectReference: {fileID: 0}
    - target: {fileID: 135078921384848197, guid: a4bbc5d3826e3814ea5838b3a9852017, type: 3}
      propertyPath: m_LocalScale.z
      value: 1
      objectReference: {fileID: 0}
    - target: {fileID: 135078921384848197, guid: a4bbc5d3826e3814ea5838b3a9852017, type: 3}
      propertyPath: m_LocalPosition.x
      value: -0.34
      objectReference: {fileID: 0}
    - target: {fileID: 135078921384848197, guid: a4bbc5d3826e3814ea5838b3a9852017, type: 3}
      propertyPath: m_LocalPosition.y
      value: 0.26
      objectReference: {fileID: 0}
    - target: {fileID: 135078921384848197, guid: a4bbc5d3826e3814ea5838b3a9852017, type: 3}
      propertyPath: m_LocalPosition.z
      value: 0
      objectReference: {fileID: 0}
    - target: {fileID: 135078921384848197, guid: a4bbc5d3826e3814ea5838b3a9852017, type: 3}
      propertyPath: m_LocalRotation.w
      value: 1
      objectReference: {fileID: 0}
    - target: {fileID: 135078921384848197, guid: a4bbc5d3826e3814ea5838b3a9852017, type: 3}
      propertyPath: m_LocalRotation.x
      value: -0
      objectReference: {fileID: 0}
    - target: {fileID: 135078921384848197, guid: a4bbc5d3826e3814ea5838b3a9852017, type: 3}
      propertyPath: m_LocalRotation.y
      value: -0
      objectReference: {fileID: 0}
    - target: {fileID: 135078921384848197, guid: a4bbc5d3826e3814ea5838b3a9852017, type: 3}
      propertyPath: m_LocalRotation.z
      value: -0
      objectReference: {fileID: 0}
    - target: {fileID: 135078921384848197, guid: a4bbc5d3826e3814ea5838b3a9852017, type: 3}
      propertyPath: m_LocalEulerAnglesHint.x
      value: 0
      objectReference: {fileID: 0}
    - target: {fileID: 135078921384848197, guid: a4bbc5d3826e3814ea5838b3a9852017, type: 3}
      propertyPath: m_LocalEulerAnglesHint.y
      value: 0
      objectReference: {fileID: 0}
    - target: {fileID: 135078921384848197, guid: a4bbc5d3826e3814ea5838b3a9852017, type: 3}
      propertyPath: m_LocalEulerAnglesHint.z
      value: 0
      objectReference: {fileID: 0}
    - target: {fileID: 1466586161433238551, guid: a4bbc5d3826e3814ea5838b3a9852017, type: 3}
      propertyPath: m_Name
      value: Curb
      objectReference: {fileID: 0}
    m_RemovedComponents: []
  m_SourcePrefab: {fileID: 100100000, guid: a4bbc5d3826e3814ea5838b3a9852017, type: 3}
--- !u!4 &2776857764826038477 stripped
Transform:
  m_CorrespondingSourceObject: {fileID: 135078921384848197, guid: a4bbc5d3826e3814ea5838b3a9852017, type: 3}
  m_PrefabInstance: {fileID: 2834599235724553096}
  m_PrefabAsset: {fileID: 0}
--- !u!1001 &3017536776790132054
PrefabInstance:
  m_ObjectHideFlags: 0
  serializedVersion: 2
  m_Modification:
    m_TransformParent: {fileID: 3130395521918473101}
    m_Modifications:
    - target: {fileID: 5336641472939351813, guid: 0f578ee9b4f437e41bb22f493a66e10d, type: 3}
      propertyPath: m_Name
      value: CarParked 3
      objectReference: {fileID: 0}
    - target: {fileID: 7072127051580478721, guid: 0f578ee9b4f437e41bb22f493a66e10d, type: 3}
      propertyPath: m_RootOrder
      value: 1
      objectReference: {fileID: 0}
    - target: {fileID: 7072127051580478721, guid: 0f578ee9b4f437e41bb22f493a66e10d, type: 3}
      propertyPath: m_LocalPosition.x
      value: 0
      objectReference: {fileID: 0}
    - target: {fileID: 7072127051580478721, guid: 0f578ee9b4f437e41bb22f493a66e10d, type: 3}
      propertyPath: m_LocalPosition.y
      value: 0
      objectReference: {fileID: 0}
    - target: {fileID: 7072127051580478721, guid: 0f578ee9b4f437e41bb22f493a66e10d, type: 3}
      propertyPath: m_LocalPosition.z
      value: 0
      objectReference: {fileID: 0}
    - target: {fileID: 7072127051580478721, guid: 0f578ee9b4f437e41bb22f493a66e10d, type: 3}
      propertyPath: m_LocalRotation.w
      value: 0
      objectReference: {fileID: 0}
    - target: {fileID: 7072127051580478721, guid: 0f578ee9b4f437e41bb22f493a66e10d, type: 3}
      propertyPath: m_LocalRotation.x
      value: 0
      objectReference: {fileID: 0}
    - target: {fileID: 7072127051580478721, guid: 0f578ee9b4f437e41bb22f493a66e10d, type: 3}
      propertyPath: m_LocalRotation.y
      value: 1
      objectReference: {fileID: 0}
    - target: {fileID: 7072127051580478721, guid: 0f578ee9b4f437e41bb22f493a66e10d, type: 3}
      propertyPath: m_LocalRotation.z
      value: 0
      objectReference: {fileID: 0}
    - target: {fileID: 7072127051580478721, guid: 0f578ee9b4f437e41bb22f493a66e10d, type: 3}
      propertyPath: m_LocalEulerAnglesHint.x
      value: 0
      objectReference: {fileID: 0}
    - target: {fileID: 7072127051580478721, guid: 0f578ee9b4f437e41bb22f493a66e10d, type: 3}
      propertyPath: m_LocalEulerAnglesHint.y
      value: 180
      objectReference: {fileID: 0}
    - target: {fileID: 7072127051580478721, guid: 0f578ee9b4f437e41bb22f493a66e10d, type: 3}
      propertyPath: m_LocalEulerAnglesHint.z
      value: 0
      objectReference: {fileID: 0}
    m_RemovedComponents: []
  m_SourcePrefab: {fileID: 100100000, guid: 0f578ee9b4f437e41bb22f493a66e10d, type: 3}
--- !u!1001 &3547395177979869705
PrefabInstance:
  m_ObjectHideFlags: 0
  serializedVersion: 2
  m_Modification:
    m_TransformParent: {fileID: 3130395521961303905}
    m_Modifications:
    - target: {fileID: 5336641472939351813, guid: 1edd062adf41ea34e8657bf025a3fdcf, type: 3}
      propertyPath: m_Name
      value: CarParked
      objectReference: {fileID: 0}
    - target: {fileID: 7072127051580478721, guid: 1edd062adf41ea34e8657bf025a3fdcf, type: 3}
      propertyPath: m_RootOrder
      value: 1
      objectReference: {fileID: 0}
    - target: {fileID: 7072127051580478721, guid: 1edd062adf41ea34e8657bf025a3fdcf, type: 3}
      propertyPath: m_LocalPosition.x
      value: 0
      objectReference: {fileID: 0}
    - target: {fileID: 7072127051580478721, guid: 1edd062adf41ea34e8657bf025a3fdcf, type: 3}
      propertyPath: m_LocalPosition.y
      value: 0
      objectReference: {fileID: 0}
    - target: {fileID: 7072127051580478721, guid: 1edd062adf41ea34e8657bf025a3fdcf, type: 3}
      propertyPath: m_LocalPosition.z
      value: 0
      objectReference: {fileID: 0}
    - target: {fileID: 7072127051580478721, guid: 1edd062adf41ea34e8657bf025a3fdcf, type: 3}
      propertyPath: m_LocalRotation.w
      value: 1
      objectReference: {fileID: 0}
    - target: {fileID: 7072127051580478721, guid: 1edd062adf41ea34e8657bf025a3fdcf, type: 3}
      propertyPath: m_LocalRotation.x
      value: 0
      objectReference: {fileID: 0}
    - target: {fileID: 7072127051580478721, guid: 1edd062adf41ea34e8657bf025a3fdcf, type: 3}
      propertyPath: m_LocalRotation.y
      value: 0
      objectReference: {fileID: 0}
    - target: {fileID: 7072127051580478721, guid: 1edd062adf41ea34e8657bf025a3fdcf, type: 3}
      propertyPath: m_LocalRotation.z
      value: 0
      objectReference: {fileID: 0}
    - target: {fileID: 7072127051580478721, guid: 1edd062adf41ea34e8657bf025a3fdcf, type: 3}
      propertyPath: m_LocalEulerAnglesHint.x
      value: 0
      objectReference: {fileID: 0}
    - target: {fileID: 7072127051580478721, guid: 1edd062adf41ea34e8657bf025a3fdcf, type: 3}
      propertyPath: m_LocalEulerAnglesHint.y
      value: 0
      objectReference: {fileID: 0}
    - target: {fileID: 7072127051580478721, guid: 1edd062adf41ea34e8657bf025a3fdcf, type: 3}
      propertyPath: m_LocalEulerAnglesHint.z
      value: 0
      objectReference: {fileID: 0}
    m_RemovedComponents: []
  m_SourcePrefab: {fileID: 100100000, guid: 1edd062adf41ea34e8657bf025a3fdcf, type: 3}
--- !u!1001 &4615201620684972354
PrefabInstance:
  m_ObjectHideFlags: 0
  serializedVersion: 2
  m_Modification:
    m_TransformParent: {fileID: 3130395521595110623}
    m_Modifications:
    - target: {fileID: 5336641472939351813, guid: 1edd062adf41ea34e8657bf025a3fdcf, type: 3}
      propertyPath: m_Name
      value: CarParked
      objectReference: {fileID: 0}
    - target: {fileID: 7072127051580478721, guid: 1edd062adf41ea34e8657bf025a3fdcf, type: 3}
      propertyPath: m_RootOrder
      value: 1
      objectReference: {fileID: 0}
    - target: {fileID: 7072127051580478721, guid: 1edd062adf41ea34e8657bf025a3fdcf, type: 3}
      propertyPath: m_LocalPosition.x
      value: 0
      objectReference: {fileID: 0}
    - target: {fileID: 7072127051580478721, guid: 1edd062adf41ea34e8657bf025a3fdcf, type: 3}
      propertyPath: m_LocalPosition.y
      value: 0
      objectReference: {fileID: 0}
    - target: {fileID: 7072127051580478721, guid: 1edd062adf41ea34e8657bf025a3fdcf, type: 3}
      propertyPath: m_LocalPosition.z
      value: 0
      objectReference: {fileID: 0}
    - target: {fileID: 7072127051580478721, guid: 1edd062adf41ea34e8657bf025a3fdcf, type: 3}
      propertyPath: m_LocalRotation.w
      value: 1
      objectReference: {fileID: 0}
    - target: {fileID: 7072127051580478721, guid: 1edd062adf41ea34e8657bf025a3fdcf, type: 3}
      propertyPath: m_LocalRotation.x
      value: 0
      objectReference: {fileID: 0}
    - target: {fileID: 7072127051580478721, guid: 1edd062adf41ea34e8657bf025a3fdcf, type: 3}
      propertyPath: m_LocalRotation.y
      value: 0
      objectReference: {fileID: 0}
    - target: {fileID: 7072127051580478721, guid: 1edd062adf41ea34e8657bf025a3fdcf, type: 3}
      propertyPath: m_LocalRotation.z
      value: 0
      objectReference: {fileID: 0}
    - target: {fileID: 7072127051580478721, guid: 1edd062adf41ea34e8657bf025a3fdcf, type: 3}
      propertyPath: m_LocalEulerAnglesHint.x
      value: 0
      objectReference: {fileID: 0}
    - target: {fileID: 7072127051580478721, guid: 1edd062adf41ea34e8657bf025a3fdcf, type: 3}
      propertyPath: m_LocalEulerAnglesHint.y
      value: 0
      objectReference: {fileID: 0}
    - target: {fileID: 7072127051580478721, guid: 1edd062adf41ea34e8657bf025a3fdcf, type: 3}
      propertyPath: m_LocalEulerAnglesHint.z
      value: 0
      objectReference: {fileID: 0}
    m_RemovedComponents: []
  m_SourcePrefab: {fileID: 100100000, guid: 1edd062adf41ea34e8657bf025a3fdcf, type: 3}
--- !u!1001 &5042774674407853893
PrefabInstance:
  m_ObjectHideFlags: 0
  serializedVersion: 2
  m_Modification:
    m_TransformParent: {fileID: 3130395521514865324}
    m_Modifications:
    - target: {fileID: 5336641472939351813, guid: 5f024e01877ee4b48b26e9f93934ef2f, type: 3}
      propertyPath: m_Name
      value: CarParked 2
      objectReference: {fileID: 0}
    - target: {fileID: 7072127051580478721, guid: 5f024e01877ee4b48b26e9f93934ef2f, type: 3}
      propertyPath: m_RootOrder
      value: 1
      objectReference: {fileID: 0}
    - target: {fileID: 7072127051580478721, guid: 5f024e01877ee4b48b26e9f93934ef2f, type: 3}
      propertyPath: m_LocalPosition.x
      value: 0
      objectReference: {fileID: 0}
    - target: {fileID: 7072127051580478721, guid: 5f024e01877ee4b48b26e9f93934ef2f, type: 3}
      propertyPath: m_LocalPosition.y
      value: 0
      objectReference: {fileID: 0}
    - target: {fileID: 7072127051580478721, guid: 5f024e01877ee4b48b26e9f93934ef2f, type: 3}
      propertyPath: m_LocalPosition.z
      value: 0
      objectReference: {fileID: 0}
    - target: {fileID: 7072127051580478721, guid: 5f024e01877ee4b48b26e9f93934ef2f, type: 3}
      propertyPath: m_LocalRotation.w
      value: 0
      objectReference: {fileID: 0}
    - target: {fileID: 7072127051580478721, guid: 5f024e01877ee4b48b26e9f93934ef2f, type: 3}
      propertyPath: m_LocalRotation.x
      value: 0
      objectReference: {fileID: 0}
    - target: {fileID: 7072127051580478721, guid: 5f024e01877ee4b48b26e9f93934ef2f, type: 3}
      propertyPath: m_LocalRotation.y
      value: 1
      objectReference: {fileID: 0}
    - target: {fileID: 7072127051580478721, guid: 5f024e01877ee4b48b26e9f93934ef2f, type: 3}
      propertyPath: m_LocalRotation.z
      value: 0
      objectReference: {fileID: 0}
    - target: {fileID: 7072127051580478721, guid: 5f024e01877ee4b48b26e9f93934ef2f, type: 3}
      propertyPath: m_LocalEulerAnglesHint.x
      value: 0
      objectReference: {fileID: 0}
    - target: {fileID: 7072127051580478721, guid: 5f024e01877ee4b48b26e9f93934ef2f, type: 3}
      propertyPath: m_LocalEulerAnglesHint.y
      value: 180
      objectReference: {fileID: 0}
    - target: {fileID: 7072127051580478721, guid: 5f024e01877ee4b48b26e9f93934ef2f, type: 3}
      propertyPath: m_LocalEulerAnglesHint.z
      value: 0
      objectReference: {fileID: 0}
    m_RemovedComponents: []
  m_SourcePrefab: {fileID: 100100000, guid: 5f024e01877ee4b48b26e9f93934ef2f, type: 3}
--- !u!1001 &9119118465156359645
PrefabInstance:
  m_ObjectHideFlags: 0
  serializedVersion: 2
  m_Modification:
    m_TransformParent: {fileID: 817968998867474638}
    m_Modifications:
    - target: {fileID: 1192586414425509559, guid: 3f24b3c5f0c89a34cbc0565b8467a2b2, type: 3}
      propertyPath: m_RootOrder
      value: 12
      objectReference: {fileID: 0}
    - target: {fileID: 1192586414425509559, guid: 3f24b3c5f0c89a34cbc0565b8467a2b2, type: 3}
      propertyPath: m_LocalScale.x
      value: 0.05
      objectReference: {fileID: 0}
    - target: {fileID: 1192586414425509559, guid: 3f24b3c5f0c89a34cbc0565b8467a2b2, type: 3}
      propertyPath: m_LocalScale.y
      value: 10
      objectReference: {fileID: 0}
    - target: {fileID: 1192586414425509559, guid: 3f24b3c5f0c89a34cbc0565b8467a2b2, type: 3}
      propertyPath: m_LocalScale.z
      value: 0.05
      objectReference: {fileID: 0}
    - target: {fileID: 1192586414425509559, guid: 3f24b3c5f0c89a34cbc0565b8467a2b2, type: 3}
      propertyPath: m_LocalPosition.x
      value: -0.1616
      objectReference: {fileID: 0}
    - target: {fileID: 1192586414425509559, guid: 3f24b3c5f0c89a34cbc0565b8467a2b2, type: 3}
      propertyPath: m_LocalPosition.y
      value: 0
      objectReference: {fileID: 0}
    - target: {fileID: 1192586414425509559, guid: 3f24b3c5f0c89a34cbc0565b8467a2b2, type: 3}
      propertyPath: m_LocalPosition.z
      value: 0.4
      objectReference: {fileID: 0}
    - target: {fileID: 1192586414425509559, guid: 3f24b3c5f0c89a34cbc0565b8467a2b2, type: 3}
      propertyPath: m_LocalRotation.w
      value: 1
      objectReference: {fileID: 0}
    - target: {fileID: 1192586414425509559, guid: 3f24b3c5f0c89a34cbc0565b8467a2b2, type: 3}
      propertyPath: m_LocalRotation.x
      value: -0
      objectReference: {fileID: 0}
    - target: {fileID: 1192586414425509559, guid: 3f24b3c5f0c89a34cbc0565b8467a2b2, type: 3}
      propertyPath: m_LocalRotation.y
      value: -0
      objectReference: {fileID: 0}
    - target: {fileID: 1192586414425509559, guid: 3f24b3c5f0c89a34cbc0565b8467a2b2, type: 3}
      propertyPath: m_LocalRotation.z
      value: -0
      objectReference: {fileID: 0}
    - target: {fileID: 1192586414425509559, guid: 3f24b3c5f0c89a34cbc0565b8467a2b2, type: 3}
      propertyPath: m_LocalEulerAnglesHint.x
      value: 0
      objectReference: {fileID: 0}
    - target: {fileID: 1192586414425509559, guid: 3f24b3c5f0c89a34cbc0565b8467a2b2, type: 3}
      propertyPath: m_LocalEulerAnglesHint.y
      value: 0
      objectReference: {fileID: 0}
    - target: {fileID: 1192586414425509559, guid: 3f24b3c5f0c89a34cbc0565b8467a2b2, type: 3}
      propertyPath: m_LocalEulerAnglesHint.z
      value: 0
      objectReference: {fileID: 0}
    - target: {fileID: 8696450228996597126, guid: 3f24b3c5f0c89a34cbc0565b8467a2b2, type: 3}
      propertyPath: m_Name
      value: Lamppost (1)
      objectReference: {fileID: 0}
    m_RemovedComponents: []
  m_SourcePrefab: {fileID: 100100000, guid: 3f24b3c5f0c89a34cbc0565b8467a2b2, type: 3}
--- !u!4 &7926747573918083946 stripped
Transform:
  m_CorrespondingSourceObject: {fileID: 1192586414425509559, guid: 3f24b3c5f0c89a34cbc0565b8467a2b2, type: 3}
  m_PrefabInstance: {fileID: 9119118465156359645}
  m_PrefabAsset: {fileID: 0}
